@manual{all-google-vr,
	title = {{Choose Your Development Environment} | {Google VR} | {Google Developers}},
	year 		= {2018},
	organization= {Google},	
	address 	= {Mountain View, United States},
}

@manual{quickstart-google-vr,

	title 		= {{Quickstart for Google VR SDK for Android} | {Google Developers}},
	year 		= {2018},
	organization= {Google},	
	address 	= {Mountain View, United States},
}

@manual{google-vr-sdk,

	title 		= {{com.google.vr.sdk.base} | {Google VR} | {Google Developers} },
	year 		= {2020},
	organization= {Google},	
	address 	= {Mountain View, United States},
}

@manual{streetview-api,

	title 		= {{Developer Guide} | {Street View Static API} | {Google Developers} },
	year 		= {2020},
	organization= {Google},	
	address 	= {Mountain View, United States},
}

@manual{api-key,

	title 		= {{Get an API Key and Signature} | {Street View Static API}},
	year 		= {2020},
	organization= {Google},	
	address 	= {Mountain View, United States},
}

@manual{directions-api,

	title 		= {{Developer Guide} | {Directions API} | {Google Developers}},
	year 		= {2020},
	organization= {Google},	
	address 	= {Mountain View, United States},
}

@manual{motion-sensor,

	title 		= {{Motion sensors} | {Android Developers}},
	year 		= {2020},
	organization= {Google},	
	address 	= {Mountain View, United States},
}

@manual{step-detector-sensor,

	title 		= {{Sensors} | {Android Developers}},
	year 		= {2020},
	organization= {Google},	
	address 	= {Mountain View, United States},
}
